
<record type="Bibliographic" xmlns="http://www.loc.gov/MARC21/slim">
<leader>00000ntdaa2200000 c 4500</leader>
<controlfield tag="001">997124024</controlfield>
<controlfield tag="003">DE-101</controlfield>
<controlfield tag="005">20171202115713.0</controlfield>
<controlfield tag="007">tu</controlfield>
<controlfield tag="008">090930m19701971sw ||||| |||| 00||||ger  </controlfield>
<datafield ind1="7" ind2=" " tag="016">
<subfield code="2">DE-101</subfield>
<subfield code="a">997124024</subfield>
</datafield>
<datafield ind1=" " ind2=" " tag="035">
<subfield code="a">(DE-599)DNB997124024</subfield>
</datafield>
<datafield ind1=" " ind2=" " tag="040">
<subfield code="a">1270</subfield>
<subfield code="b">ger</subfield>
<subfield code="c">DE-101</subfield>
<subfield code="d">9999</subfield>
</datafield>
<datafield ind1=" " ind2=" " tag="041">
<subfield code="a">ger</subfield>
</datafield>
<datafield ind1=" " ind2=" " tag="044">
<subfield code="c">XA-SE</subfield>
</datafield>
<datafield ind1="1" ind2=" " tag="100">
<subfield code="0">(DE-588)117179469</subfield>
<subfield code="0">https://d-nb.info/gnd/117179469</subfield>
<subfield code="0">(DE-101)117179469</subfield>
<subfield code="a">Müssener, Helmut</subfield>
<subfield code="d">1936-</subfield>
<subfield code="e">Verfasser</subfield>
<subfield code="4">aut</subfield>
<subfield code="2">gnd</subfield>
</datafield>
<datafield ind1="2" ind2=" " tag="110">
<subfield code="0">(DE-588)1020261-4</subfield>
<subfield code="0">https://d-nb.info/gnd/1020261-4</subfield>
<subfield code="0">(DE-101)004118790</subfield>
<subfield code="a">Tyska Institutionen</subfield>
<subfield code="g">Stockholm</subfield>
<subfield code="e">Verfasser</subfield>
<subfield code="4">aut</subfield>
</datafield>
<datafield ind1="1" ind2="0" tag="245">
<subfield code="a">Korrespondenz</subfield>
</datafield>
<datafield ind1=" " ind2=" " tag="250">
<subfield code="a">Teilw. Rundschreiben</subfield>
</datafield>
<datafield ind1=" " ind2="0" tag="264">
<subfield code="a">Stockholm</subfield>
<subfield code="c">1970-1971</subfield>
</datafield>
<datafield ind1=" " ind2=" " tag="300">
<subfield code="a">4 Bl. = 4 E. masch.m.U. u.a. Mit 1 Umschl.</subfield>
<subfield code="e">Konvolut von Formblättern u.a., 6 Bl. = 6 E. masch.vervielf. Mit 3 Umschl.</subfield>
<subfield code="e">Hans-Albert Walter: Noch immer: Draussen vor der Tür. An der deutschen Exilliteratur könnte die Germanistik den Ausweg aus der Krise proben, 1970, 8 Bl. masch.vervielf.</subfield>
<subfield code="e">Typoskripte von Walter A. Berendsohn betr. Seminarübung zu Struktur- und Stilanalyse über Manfred Schlössers Anthologie "An den Wind geschrieben...", Darmstadt 1960, 7 Bl. = 2 E. masch.vervielf. Mit hs. Widmung. Mit Umschl. (Poststempel vom 19.01.1969)</subfield>
</datafield>
<datafield ind1=" " ind2=" " tag="336">
<subfield code="a">Text</subfield>
<subfield code="b">txt</subfield>
<subfield code="2">rdacontent</subfield>
</datafield>
<datafield ind1=" " ind2=" " tag="337">
<subfield code="a">ohne Hilfsmittel zu benutzen</subfield>
<subfield code="b">n</subfield>
<subfield code="2">rdamedia</subfield>
</datafield>
<datafield ind1=" " ind2=" " tag="338">
<subfield code="a">Blatt</subfield>
<subfield code="b">nb</subfield>
<subfield code="2">rdacarrier</subfield>
</datafield>
<datafield ind1="1" ind2=" " tag="490">
<subfield code="a">Nachlass Iwan Heilbut</subfield>
</datafield>
<datafield ind1="1" ind2=" " tag="700">
<subfield code="0">(DE-588)116651423</subfield>
<subfield code="0">https://d-nb.info/gnd/116651423</subfield>
<subfield code="0">(DE-101)116651423</subfield>
<subfield code="a">Heilbut, Iwan</subfield>
<subfield code="d">1898-1972</subfield>
<subfield code="e">Adressat</subfield>
<subfield code="4">rcp</subfield>
<subfield code="2">gnd</subfield>
</datafield>
<datafield ind1=" " ind2="0" tag="830">
<subfield code="a">Nachlass Iwan Heilbut</subfield>
<subfield code="w">(DE-101)978829611</subfield>
<subfield code="9">B.01.0446</subfield>
<subfield code="7">tc</subfield>
</datafield>
<datafield ind1=" " ind2=" " tag="850">
<subfield code="a">DE-101e</subfield>
</datafield>
</record>