
<record type="Bibliographic" xmlns="http://www.loc.gov/MARC21/slim">
<leader>00000ntdaa2200000 c 4500</leader>
<controlfield tag="001">997697989</controlfield>
<controlfield tag="003">DE-101</controlfield>
<controlfield tag="005">20191101063025.0</controlfield>
<controlfield tag="007">tu</controlfield>
<controlfield tag="008">091027m19401962xxu||||| |||| 00||||eng  </controlfield>
<datafield ind1="7" ind2=" " tag="016">
<subfield code="2">DE-101</subfield>
<subfield code="a">997697989</subfield>
</datafield>
<datafield ind1=" " ind2=" " tag="035">
<subfield code="a">(DE-599)DNB997697989</subfield>
</datafield>
<datafield ind1=" " ind2=" " tag="040">
<subfield code="a">1270</subfield>
<subfield code="b">ger</subfield>
<subfield code="c">DE-101</subfield>
<subfield code="d">9999</subfield>
</datafield>
<datafield ind1=" " ind2=" " tag="041">
<subfield code="a">eng</subfield>
<subfield code="a">ger</subfield>
</datafield>
<datafield ind1=" " ind2=" " tag="044">
<subfield code="c">XD-US</subfield>
</datafield>
<datafield ind1="1" ind2=" " tag="100">
<subfield code="0">(DE-588)139392807</subfield>
<subfield code="0">https://d-nb.info/gnd/139392807</subfield>
<subfield code="0">(DE-101)139392807</subfield>
<subfield code="a">Newman, Eva E.</subfield>
<subfield code="d">1908-</subfield>
<subfield code="e">Verfasser</subfield>
<subfield code="4">aut</subfield>
<subfield code="2">gnd</subfield>
</datafield>
<datafield ind1="1" ind2="0" tag="245">
<subfield code="a">Korrespondenz</subfield>
</datafield>
<datafield ind1=" " ind2="0" tag="264">
<subfield code="a">Mount Vernon, NY u.a.</subfield>
<subfield code="c">1940-1962</subfield>
</datafield>
<datafield ind1=" " ind2=" " tag="300">
<subfield code="a">36 Bl. = 31 E. hs.m.U. u.a. Mit 6 Umschl.</subfield>
<subfield code="e">Eva E. Newman an Hilde Buttenwieser, 09.10.1940, 1 Bl. masch.Dg. Mit masch. Zusatz</subfield>
<subfield code="e">Konvolut von Lehrer- u. Schülerbriefen an Eva E. Newman betr. Iwan Heilbuts "Francisco and Elizabeth", 1941, 6 Bl. = 6 E. hs.m.U. Mit 1 Umschl.</subfield>
<subfield code="e">Briefumschläge (leer) an Iwan Heilbut nach Lissabon adressiert, Poststempel New York, 15. u.18.10.1940, 2 Umschl.</subfield>
</datafield>
<datafield ind1=" " ind2=" " tag="336">
<subfield code="a">Text</subfield>
<subfield code="b">txt</subfield>
<subfield code="2">rdacontent</subfield>
</datafield>
<datafield ind1=" " ind2=" " tag="337">
<subfield code="a">ohne Hilfsmittel zu benutzen</subfield>
<subfield code="b">n</subfield>
<subfield code="2">rdamedia</subfield>
</datafield>
<datafield ind1=" " ind2=" " tag="338">
<subfield code="a">Blatt</subfield>
<subfield code="b">nb</subfield>
<subfield code="2">rdacarrier</subfield>
</datafield>
<datafield ind1="1" ind2=" " tag="490">
<subfield code="a">Nachlass Iwan Heilbut</subfield>
</datafield>
<datafield ind1=" " ind2=" " tag="500">
<subfield code="a">Betr. u.a. Affidavit u. Visa zur Einreise in die USA</subfield>
</datafield>
<datafield ind1=" " ind2=" " tag="546">
<subfield code="a">Schrift, Sprache: Teilw. dt., teilw. engl.</subfield>
</datafield>
<datafield ind1="1" ind2=" " tag="583">
<subfield code="l">Teilw. beschädigt</subfield>
</datafield>
<datafield ind1="1" ind2=" " tag="700">
<subfield code="0">(DE-588)139393315</subfield>
<subfield code="0">https://d-nb.info/gnd/139393315</subfield>
<subfield code="0">(DE-101)139393315</subfield>
<subfield code="a">Newman, Randolph Henry</subfield>
<subfield code="d">1904-1975</subfield>
<subfield code="e">Verfasser</subfield>
<subfield code="4">aut</subfield>
<subfield code="2">gnd</subfield>
</datafield>
<datafield ind1="1" ind2=" " tag="700">
<subfield code="0">(DE-588)116651423</subfield>
<subfield code="0">https://d-nb.info/gnd/116651423</subfield>
<subfield code="0">(DE-101)116651423</subfield>
<subfield code="a">Heilbut, Iwan</subfield>
<subfield code="d">1898-1972</subfield>
<subfield code="e">Adressat</subfield>
<subfield code="4">rcp</subfield>
<subfield code="2">gnd</subfield>
</datafield>
<datafield ind1="1" ind2=" " tag="700">
<subfield code="0">(DE-588)131418483</subfield>
<subfield code="0">https://d-nb.info/gnd/131418483</subfield>
<subfield code="0">(DE-101)131418483</subfield>
<subfield code="a">Heilbut, Charlotte</subfield>
<subfield code="d">1899-1984</subfield>
<subfield code="e">Adressat</subfield>
<subfield code="4">rcp</subfield>
<subfield code="2">gnd</subfield>
</datafield>
<datafield ind1=" " ind2="0" tag="830">
<subfield code="a">Nachlass Iwan Heilbut</subfield>
<subfield code="w">(DE-101)978829611</subfield>
<subfield code="9">B.01.0462</subfield>
<subfield code="7">tc</subfield>
</datafield>
<datafield ind1=" " ind2=" " tag="850">
<subfield code="a">DE-101e</subfield>
</datafield>
</record>